@article{clark2016impacts,
  title     = {The impacts of increasing drought on forest dynamics, structure, and biodiversity in the United States},
  author    = {Clark, James S and Iverson, Louis and Woodall, Christopher W and Allen, Craig D and Bell, David M and Bragg, Don C and D'Amato, Anthony W and Davis, Frank W and Hersh, Michelle H and Ibanez, Ines and others},
  journal   = {Global change biology},
  volume    = {22},
  number    = {7},
  pages     = {2329--2352},
  year      = {2016},
  publisher = {Wiley Online Library}
}

@article{grossiord2014does,
  title     = {Does drought influence the relationship between biodiversity and ecosystem functioning in boreal forests?},
  author    = {Grossiord, Charlotte and Granier, Andr{\'e} and Gessler, Arthur and Jucker, Tommaso and Bonal, Damien},
  journal   = {Ecosystems},
  volume    = {17},
  pages     = {394--404},
  year      = {2014},
  publisher = {Springer}
}

@article{tilman2006biodiversity,
  title     = {Biodiversity and ecosystem stability in a decade-long grassland experiment},
  author    = {Tilman, David and Reich, Peter B and Knops, Johannes MH},
  journal   = {Nature},
  volume    = {441},
  number    = {7093},
  pages     = {629--632},
  year      = {2006},
  publisher = {Nature Publishing Group UK London}
}

@article{huang2021local,
  title     = {Local climate and biodiversity affect the stability of China's grasslands in response to drought},
  author    = {Huang, Wenjie and Wang, Wei and Cao, Ming and Fu, Gang and Xia, Juyi and Wang, Zhixue and Li, Junsheng},
  journal   = {Science of the Total Environment},
  volume    = {768},
  pages     = {145482},
  year      = {2021},
  publisher = {Elsevier}
}

@article{prugh2018ecological,
  title     = {Ecological winners and losers of extreme drought in California},
  author    = {Prugh, Laura R and Deguines, Nicolas and Grinath, Joshua B and Suding, Katherine N and Bean, William T and Stafford, Robert and Brashares, Justin S},
  journal   = {Nature Climate Change},
  volume    = {8},
  number    = {9},
  pages     = {819--824},
  year      = {2018},
  publisher = {Nature Publishing Group UK London}
}

@article{spinoni2014world,
  title     = {World drought frequency, duration, and severity for 1951--2010},
  author    = {Spinoni, Jonathan and Naumann, Gustavo and Carrao, Hugo and Barbosa, Paulo and Vogt, J{\"u}rgen},
  journal   = {International Journal of Climatology},
  volume    = {34},
  number    = {8},
  pages     = {2792--2804},
  year      = {2014},
  publisher = {Wiley Online Library}
}

@article{zvereva2008changes,
  title     = {Changes in species richness of vascular plants under the impact of air pollution: a global perspective},
  author    = {Zvereva, Elena L and Toivonen, Eija and Kozlov, Mikhail V},
  journal   = {Global Ecology and Biogeography},
  volume    = {17},
  number    = {3},
  pages     = {305--319},
  year      = {2008},
  publisher = {Wiley Online Library}
}

@article{lazzaro2020impact,
  title     = {Impact of invasive alien plants on native plant communities and Natura 2000 habitats: State of the art, gap analysis and perspectives in Italy},
  author    = {Lazzaro, Lorenzo and Bolpagni, Rossano and Buffa, Gabriella and Gentili, Rodolfo and Lonati, Michele and Stinca, Adriano and Acosta, Alicia Teresa Rosario and Adorni, Michele and Aleffi, Michele and Allegrezza, Marina and others},
  journal   = {Journal of Environmental Management},
  volume    = {274},
  pages     = {111140},
  year      = {2020},
  publisher = {Elsevier}
}

@article{wang2017biogeographic,
  title={Biogeographic patterns and environmental interpretation of plant species richness in desert regions of Northwest China},
  author={Wang, Jianming and Wang, Wenjuan and Li, Jingwen and Feng, Yiming and Wu, Bo and Lu, Qi},
  journal={Biodiversity Science},
  volume={25},
  number={11},
  pages={1192},
  year={2017}
}